@article{einstein,
  author  = {Albert Einstein},
  title   = {{Zur Elektrodynamik bewegter K{\"o}rper}. ({German})
             [{On} the electrodynamics of moving bodies]},
  journal = {Annalen der Physik},
  volume  = {322},
  number  = {10},
  pages   = {891--921},
  year    = {1905},
  doi     = {http://dx.doi.org/10.1002/andp.19053221004}
}

@article{waitTime,
  author  = {Nah, Fiona},
  year    = {2004},
  month   = {01},
  pages   = {},
  title   = {A study on tolerable waiting time: how long are Web users willing to wait? Citation: Nah, F. (2004), A study on tolerable waiting time: how long are Web users willing to wait? Behaviour \& Information Technology, forthcoming},
  volume  = {23},
  journal = {Behaviour \& IT}
}

@article{fromDocToIndex,
  author  = {Mahapatra, Ajit Kumar and Biswas, Sitanath},
  year    = {2011},
  month   = {07},
  pages   = {},
  title   = {Inverted indexes: Types and techniques},
  volume  = {8},
  journal = {International Journal of Computer Science Issues}
}

@article{birbay_ortiz,
author = {Barbay, Jérémy and López-Ortiz, Alejandro and Lu, Tyler and Salinger, Alejandro},
year = {2009},
month = {12},
pages = {},
title = {An Experimental Investigation of Set Intersection Algorithms for Text Searching},
volume = {14},
journal = {ACM Journal of Experimental Algorithmics},
doi = {10.1145/1498698.1564507}
}

@article{ding2011fastsetintersectionmemory,
      title={Fast Set Intersection in Memory}, 
      author={Bolin Ding and Arnd Christian König},
      year={2011},
      eprint={1103.2409},
      archivePrefix={arXiv},
      primaryClass={cs.DB},
      url={https://arxiv.org/abs/1103.2409}, 
}

@book{Ferragina_2023,
  place     = {Cambridge},
  title     = {Set Intersection},
  booktitle = {Pearls of Algorithm Engineering},
  publisher = {Cambridge University Press},
  author    = {Ferragina, Paolo},
  year      = {2023},
  pages     = {72–81}
} 



@book{latexcompanion,
  author    = {Michel Goossens and Frank Mittelbach and Alexander Samarin},
  title     = {The \LaTeX\ Companion},
  year      = {1993},
  publisher = {Addison-Wesley},
  address   = {Reading, Massachusetts}
}

@book{knuth99,
  author    = {Donald E. Knuth},
  title     = {Digital Typography},
  year      = {1999},
  publisher = {The Center for the Study of Language and Information},
  series    = {CLSI Lecture Notes (78)}
}

@inproceedings{raft,
author = {Ongaro, Diego and Ousterhout, John},
title = {In search of an understandable consensus algorithm},
year = {2014},
isbn = {9781931971102},
publisher = {USENIX Association},
address = {USA},
abstract = {Raft is a consensus algorithm for managing a replicated log. It produces a result equivalent to (multi-)Paxos, and it is as efficient as Paxos, but its structure is different from Paxos; this makes Raft more understandable than Paxos and also provides a better foundation for building practical systems. In order to enhance understandability, Raft separates the key elements of consensus, such as leader election, log replication, and safety, and it enforces a stronger degree of coherency to reduce the number of states that must be considered. Results from a user study demonstrate that Raft is easier for students to learn than Paxos. Raft also includes a new mechanism for changing the cluster membership, which uses overlapping majorities to guarantee safety.},
booktitle = {Proceedings of the 2014 USENIX Conference on USENIX Annual Technical Conference},
pages = {305–320},
numpages = {16},
location = {Philadelphia, PA},
series = {USENIX ATC'14}
}

@article{paxos,
author = {Lamport, Leslie},
title = {The part-time parliament},
year = {1998},
issue_date = {May 1998},
publisher = {Association for Computing Machinery},
address = {New York, NY, USA},
volume = {16},
number = {2},
issn = {0734-2071},
url = {https://doi.org/10.1145/279227.279229},
doi = {10.1145/279227.279229},
abstract = {Recent archaeological discoveries on the island of Paxos reveal that the parliament functioned despite the peripatetic propensity of its part-time legislators. The legislators maintained consistent copies of the parliamentary record, despite their frequent forays from the chamber and the forgetfulness of their messengers. The Paxon parliament's protocol provides a new way of implementing the state machine approach to the design of distributed systems.},
journal = {ACM Trans. Comput. Syst.},
month = may,
pages = {133–169},
numpages = {37},
keywords = {state machines, three-phase commit, voting}
}

  


 
@misc{knuthwebsite,
  author = {Donald Knuth},
  title  = {Knuth: Computers and Typesetting},
  url    = {http://www-cs-faculty.stanford.edu/~knuth/abcde.html}
}

@techreport{erkio01,
  author      = {Erkiö, H. and Mäkelä, M. and Nykänen, M. and Verkamo, I.},
  title       = {Opinnäytetyän ulkoasun malli.},
  institution = {Tietojenkäsittelyopin laitos},
  year        = 2001,
  type        = {Tieteellisen kirjoittamisen kurssiin
                 liittyvä julkaisematon moniste},
  address     = {Helsinki}
}



@article{crowdenetal79,
  author  = {Crowder, H. and Dembo, R.S. and Mulvey, J.M.},
  title   = {On reporting computational experiments
             with mathematical software},
  journal = {{ACM} Transactions on Mathematical Software},
  year    = 1979,
  volume  = 5,
  number  = 2,
  pages   = {193--203}
}

@inproceedings{dantowsley90,
  author    = {Dan, A. and Towsley, D.},
  title     = {An approximate analysis of the {LRU} and {FIFO}
               buffer replacement schemes},
  booktitle = {Proc. {ACM} Conf.\ Measurement and
               Modeling of Computer Systems},
  year      = 1990,
  pages     = {143--152},
  address   = {Boulder, Colorado, {USA}},
  month     = may
}

@techreport{erkio94,
  author      = {Erkiö, H.},
  title       = {Opinnäytetyän ulkoasun malli.},
  institution = {Tietojenkäsittelyopin laitos},
  year        = 1994,
  type        = {Tieteellisen kirjoittamisen kurssiin
                 liittyvä julkaisematon moniste},
  address     = {Helsinki}
}

@techreport{erkiomakela96,
  author      = {Erkiö, H. and Mäkelä, M.},
  title       = {Opinnäytetyän ulkoasun malli},
  institution = {Tietojenkäsittelytieteen laitos},
  year        = 1996,
  type        = {Tieteellisen kirjoittamisen kurssiin
                 liittyvä julkaisematon moniste},
  address     = {Helsinki}
}

@book{fogelbergetal89,
  author    = {Fogelberg, P. and Herranen, M. and Sinikara, K.},
  title     = {Tuumasta toimeen, tutkielman tekijän opas},
  publisher = {Yliopistopaino},
  year      = 1989,
  address   = {Helsinki}
}

@incollection{gannonetal89,
  author    = {Gannon, D. and others},
  title     = {Programming environments for parallel algorithms},
  booktitle = {Parallel and Distributed Algorithms},
  year      = 1989,
  editor    = {M. Cosnard and others},
  publisher = {North-Holland},
  pages     = {101--108}
}

@book{grimm87,
  author    = {Grimm, S. S.},
  title     = {How to write computer documentation for users},
  publisher = {Van Nostrand Reinhold Co.},
  year      = 1987,
  address   = {New York}
}

@book{harkinsplung82,
  editor    = {Harkins, C. and Plung, D. L.},
  title     = {A guide for writing better technical papers},
  publisher = {IEEE Press},
  year      = 1982
}

@techreport{julkohj81,
  author  = {{Helsingin yliopisto}},
  title   = {Julkaisusarjoja ja opinnäytteiden tiivistelmiä
             koskevat ohjeet ja suositukset},
  year    = 1981,
  type    = {Helsingin yliopiston kirjastolaitoksen julkaisu {A 3}},
  address = {Helsinki}
}

@WWW-MISC{kilpelainen00,
  AUTHOR       = "Kilpeläinen, P.",
  TITLE        = "{WWW}-lähteisiin viittaaminen tutkielmatekstissä",
  URL          = "http://www.cs.helsinki.fi/u/kilpelai/TiKi/wwwlahteet.html",
  YEAR         =  2000,
  TYPE        = "Tieteellisen kirjoittamisen kurssiin
                 liittyvä julkaisematon moniste",
  VALID        =  "19.1.2000"
  }

@article{smith78a,
  author  = {Smith, A. J.},
  title   = {Sequentiality and prefetching in database systems},
  journal = {{ACM} Transactions on Database Systems},
  year    = 1978,
  volume  = 3,
  number  = 3,
  pages   = {223--247}
}

@article{smith78b,
  author  = {Smith, A. J.},
  title   = {Sequential program prefetching in memory hierarchies},
  journal = {Computer},
  year    = 1978,
  volume  = 11,
  number  = 11,
  pages   = {7--21}
}

@techreport{verkamo92,
  author      = {Verkamo, A. I.},
  title       = {Opinnäytetyän ulkoasun malli},
  institution = {Tietojenkäsittelyopin laitos},
  year        = 1992,
  type        = {Tieteellisen kirjoittamisen kurssiin
                 liittyvä julkaisematon moniste},
  address     = {Helsinki}
}

@article{abiteboul,
  author  = {Abiteboul, S. and Quass, D. and McHugh, J. and
             Widom, J. and Wiener, J.L.},
  title   = {The Lorel query language for semistructured data},
  journal = {International Journal on Digital Libraries},
  year    = 1997,
  volume  = 1,
  number  = 1,
  pages   = {68-88},
  note    = {[
             \url{http://link.springer.de/
             link/service/journals/00799/
             bibs/7001001/70010068.htm},
             18.1.2000]}
}


@misc{bray,
  author       = {Bray, T. and Paoli, J. and Sperberg-McQueen, C.M.},
  title        = {{Extensible Markup Language {XML} 1.0. W3C Recommendation 10-February-1998}},
  howpublished = {[\url{http://www.w3.org/TR/1998/REC-xml-19980210}, 02.11.2016]}
}

@article{dietinger,
  author  = {Dietinger, T. and others},
  title   = {{Dynamic Background Libraries - New Developments in
             Distance Education Using {HIKS} {Hierarchical Interactive
             Knowledge System}}},
  journal = {Journal of Universal Computer Science},
  year    = 1999,
  volume  = 5,
  number  = 1,
  note    = {[\url{http://www.iicm.edu/
             jucs_5_1/dynamic_background_libraries_new},
             18.1.2000]}
}
